%----------------------------------------------------------------------------------
% Exemplo do uso dos estilos bibliográficos ppgcc-{alpha,num}.bst.
% Veja o arquivo pucrs-ppgcc.cls para mais detalhes e instruções.
%----------------------------------------------------------------------------------

@inproceedings{ahmad2015automatic,
  title={Automatic license plate recognition: A comparative study},
  author={Ahmad, Imran Shafiq and Boufama, Boubakeur and Habashi, Pejman and Anderson, William and Elamsy, Tarik},
  booktitle={2015 IEEE International Symposium on Signal Processing and Information Technology (ISSPIT)},
  pages={635--640},
  year={2015},
  organization={IEEE}
}

